<?xml version="1.0" encoding="UTF-8"?><collection xmlns="http://www.loc.gov/MARC21/slim"><record><leader>00553nam--2200193-i-4500</leader><controlfield tag="001">000037800</controlfield><controlfield tag="002">20161230</controlfield><controlfield tag="005">20161230201041</controlfield><controlfield tag="008">060222s1000------------r-----000-0-ger-d</controlfield><datafield ind1=" " ind2=" " tag="040"><subfield code="a">IFIN-HH</subfield></datafield><datafield ind1=" " ind2=" " tag="041"><subfield code="a">ger</subfield></datafield><datafield ind1=" " ind2=" " tag="080"><subfield code="a">537.8</subfield></datafield><datafield ind1="1" ind2=" " tag="100"><subfield code="a">Ramo, Simon</subfield></datafield><datafield ind1="1" ind2="0" tag="245"><subfield code="a">Felder und wellen in der modernen funktechnik</subfield><subfield code="b">Redaction der deutschen ausgabe hans fruhauf</subfield><subfield code="c">Simon ramo; john r. whinnery</subfield></datafield><datafield ind1=" " ind2=" " tag="260"><subfield code="a">Berlin</subfield><subfield code="b">Veb Verlag Technik</subfield><subfield code="c">1960</subfield></datafield><datafield ind1=" " ind2=" " tag="300"><subfield code="a">590P</subfield></datafield><datafield ind1="1" ind2=" " tag="700"><subfield code="a">Whinnery, John R</subfield></datafield><datafield ind1=" " ind2=" " tag="852"><subfield code="a">76584</subfield><subfield code="c">537:538</subfield></datafield><datafield ind1=" " ind2=" " tag="CAT"><subfield code="a">Sys</subfield><subfield code="c">20110629</subfield><subfield code="h">120926</subfield></datafield></record></collection>